<?xml version="1.0" encoding="UTF-8"?>
<record xmlns="http://www.loc.gov/MARC21/slim">
   <leader>01124cam a2200241 a 4500</leader>
   <controlfield tag="001">480426</controlfield>
   <controlfield tag="003">NjP</controlfield>
   <controlfield tag="005">20171013103037.0</controlfield>
   <controlfield tag="008">881122s1986    ir            000|0 ara d</controlfield>
   <datafield tag="024" ind1="7" ind2=" ">
      <subfield code="a">princeton_aco003824</subfield>
      <subfield code="2">local</subfield>
   </datafield>
   <datafield ind1=" " ind2=" " tag="035">
      <subfield code="a">(OCoLC)26476478</subfield>
   </datafield>
   <datafield ind1=" " ind2=" " tag="035">
      <subfield code="a">(CStRLIN)NJPG88-B58570</subfield>
   </datafield>
   <datafield ind1=" " ind2=" " tag="035">
      <subfield code="9">ACF6117TS</subfield>
   </datafield>
   <datafield ind1=" " ind2=" " tag="040">
      <subfield code="a">NjP</subfield>
      <subfield code="c">NjP</subfield>
   </datafield>
   <datafield ind1="2" ind2=" " tag="100">
      <subfield code="a">Makārim Shīrāzī, Nāṣir.</subfield>
   </datafield>
   <datafield ind1="1" ind2="0" tag="245">
      <subfield code="a">Silsilat al-durūs al-dīnīyah fī al-ʻaqāʾid al-Islāmīyah /</subfield>
      <subfield code="c">[Nāṣir Makārim al-Shīrāzī, Jaʻfar Ṣādiq al-Khalīlī].</subfield>
   </datafield>
   <datafield ind1=" " ind2=" " tag="250">
      <subfield code="a">al-Ṭabʻah 1.</subfield>
   </datafield>
   <datafield ind1=" " ind2=" " tag="260">
      <subfield code="a">Ṭihrān, Īrān :</subfield>
      <subfield code="b">Qism al-Iʻlām al-Khārijī, Muʾassasat al-Baʻthah,</subfield>
      <subfield code="c">1407 [1986 or 1987]</subfield>
   </datafield>
   <datafield ind1=" " ind2=" " tag="300">
      <subfield code="a">5 v. ;</subfield>
      <subfield code="c">22 cm.</subfield>
   </datafield>
   <datafield ind1="0" ind2=" " tag="505">
      <subfield code="a">al-qism 1. Maʻrifat Allāh -- al-qism 2. Maʻrifat al-nubūwah -- al-qism 3. Maʻrifat al-Imāmah -- al-qism 4. Maʻrifat al-ʻadl al-ilāhī -- al-qism 5. Maʻrifat al-maʻād.</subfield>
   </datafield>
   <datafield ind1=" " ind2="0" tag="650">
      <subfield code="a">Islam</subfield>
      <subfield code="x">Doctrines.</subfield>
      <subfield code="0">http://id.loc.gov/authorities/subjects/sh85068396</subfield>
   </datafield>
   <datafield ind1="1" ind2=" " tag="700">
      <subfield code="a">Khalīlī, Jaʻfar Ṣādiq.</subfield>
   </datafield>
   <datafield ind1=" " ind2=" " tag="998">
      <subfield code="a">08/13/92</subfield>
      <subfield code="s">9118</subfield>
      <subfield code="n">NjP</subfield>
      <subfield code="w">NJPG88B58570</subfield>
      <subfield code="d">11/22/88</subfield>
      <subfield code="c">JEB</subfield>
      <subfield code="b">JEB</subfield>
      <subfield code="i">920813</subfield>
      <subfield code="l">NJPG</subfield>
   </datafield>
   <datafield ind1=" " ind2=" " tag="911">
      <subfield code="a">19921028</subfield>
   </datafield>
   <datafield ind1=" " ind2=" " tag="912">
      <subfield code="a">19920813000000.0</subfield>
   </datafield>
   <datafield ind1="0" ind2="0" tag="852">
      <subfield code="0">522008</subfield>
      <subfield code="b">rcppa</subfield>
      <subfield code="h">BP166</subfield>
      <subfield code="i">.M342 1986</subfield>
      <subfield code="x">tr fr nec</subfield>
   </datafield>
   <datafield ind1=" " ind2="0" tag="866">
      <subfield code="0">522008</subfield>
      <subfield code="a">Qism 1-qism 5</subfield>
   </datafield>
   <datafield ind1=" " ind2=" " tag="959">
      <subfield code="a">2000-06-13 00:00:00 -0400</subfield>
   </datafield>
</record>
